
%============================[Intro Citations]
%Goldstein Emergence
@article{emergence,
  title={Emergence as a construct: History and issues},
  author={Goldstein, Jeffrey},
  journal={Emergence},
  volume={1},
  number={1},
  pages={49--72},
  year={1999},
  publisher={Taylor \& Francis}
}

@article{beach_model_physics,
  title={An energetics total load sediment transport model for a plane sloping beach},
  author={Bailard, James A},
  journal={Journal of Geophysical Research: Oceans (1978--2012)},
  volume={86},
  number={C11},
  pages={10938--10954},
  year={1981},
  publisher={Wiley Online Library}
}

@article{coral_model,
  title={Model of a coral reef ecosystem},
  author={Polovina, Jeffrey J},
  journal={Coral reefs},
  volume={3},
  number={1},
  pages={1--11},
  year={1984},
  publisher={Springer}
}

@article{shredding_signals,
  title={Shredding of environmental signals by sediment transport},
  author={Jerolmack, Douglas J and Paola, Chris},
  journal={Geophysical Research Letters},
  volume={37},
  number={19},
  year={2010},
  publisher={Wiley Online Library}
}

%houston - economic value of beaches
@article{economic,
  title={The economic value of beaches: a 2008 update},
  author={Houston, James R},
  journal={Shore and Beach},
  volume={76},
  number={3},
  pages={22--26},
  year={2008}
}

%Aubrey - Beach profiles
@article{beach_profiles,
  title={Beach profiles at Torrey Pines, California},
  author={Aubrey, David G and Inman, Douglas L and Nordstrom, Charles E},
  journal={Coastal Engineering Proceedings},
  volume={1},
  number={15},
  year={1976}
}

%Dean - Equilibrium beach profiles
@article{equilibrium_profiles,
  title={Equilibrium beach profiles: characteristics and applications},
  author={Dean, Robert G},
  journal={Journal of coastal research},
  pages={53--84},
  year={1991},
  publisher={JSTOR}
}

%Thom - beach profile behavior
@article{equilibrium_profiles2,
  title={Behaviour of beach profiles during accretion and erosion dominated periods},
  author={Thom, BG and Hall, W},
  journal={Earth Surface Processes and Landforms},
  volume={16},
  number={2},
  pages={113--127},
  year={1991},
  publisher={Wiley Online Library}
}

%Lippmann - Beach morphology
@article{beach_morpohology,
  title={The spatial and temporal variability of sand bar morphology},
  author={Lippmann, TC and Holman, RA},
  journal={Journal of Geophysical Research: Oceans (1978--2012)},
  volume={95},
  number={C7},
  pages={11575--11590},
  year={1990},
  publisher={Wiley Online Library}
}
%Wright - Beach Morphoogy
@article{beach_morphology2,
  title={Morphodynamic variability of surf zones and beaches: a synthesis},
  author={Wright, LD and Short, Andrew D},
  journal={Marine geology},
  volume={56},
  number={1},
  pages={93--118},
  year={1984},
  publisher={Elsevier}
}

%Holland - video meach monitoring
@article{video_beach_monitoring,
  title={Practical use of video imagery in nearshore oceanographic field studies},
  author={Holland, Todd K and Holman, Robert and Lippmann, Thomas C and Stanley, John and Plant, Nathaniel and others},
  journal={Oceanic Engineering, IEEE Journal of},
  volume={22},
  number={1},
  pages={81--92},
  year={1997},
  publisher={IEEE}
}

%WOLF - orthorectification
@misc{orthorectification,
  title={Elements of photogrammetry, with air photo interpretation and remote sensing, 2},
  author={Wolf, Paul R},
  year={1983},
  publisher={McGraw-Hill, New York}
}

%Hastie - Neural_network
@article{neural_network,
  title={The elements of statistical learning: data mining, inference and prediction},
  author={Hastie, Trevor and Tibshirani, Robert and Friedman, Jerome and Franklin, James},
  journal={The Mathematical Intelligencer},
  volume={27},
  number={2},
  pages={83--85},
  year={2005},
  publisher={Springer}
}

%Plant - Intertidal beach profile estimation
@article{intertidal_esitimation,
  title={Intertidal beach profile estimation using video images},
  author={Plant, Nathaniel G and Holman, Rob A},
  journal={Marine Geology},
  volume={140},
  number={1},
  pages={1--24},
  year={1997},
  publisher={Elsevier}
}



%Cesar - Economics of coral
@article{coral_economics,
  title={The economics of worldwide coral reef degradation},
  author={Cesar, Herman and Burke, Lauretta and Pet-Soede, Lida},
  year={2003},
  publisher={Cesar environmental economics consulting (CEEC)}
}

%Hughes - Degredation of Coral
@article{coral_degredation,
  title={Catastrophes, phase shifts, and large-scale degradation of a Caribbean coral reef},
  author={Hughes, Terence P},
  journal={Science-AAAS-Weekly Paper Edition},
  volume={265},
  number={5178},
  pages={1547--1551},
  year={1994},
  publisher={New York, NY:[sn] 1880-}
}

%Sandin - Dylan's Coral Model
@article{dylans_model,
  title={Spatial dynamics of benthic competition on coral reefs},
  author={Sandin, Stuart A and McNamara, Dylan E},
  journal={Oecologia},
  volume={168},
  number={4},
  pages={1079--1090},
  year={2012},
  publisher={Springer}
}


% Folke - Regime shifts on coral reefs
@article{phase_shifts,
  title={Regime shifts, resilience, and biodiversity in ecosystem management},
  author={Folke, Carl and Carpenter, Steve and Walker, Brian and Scheffer, Marten and Elmqvist, Thomas and Gunderson, Lance and Holling, CS},
  journal={Annual Review of Ecology, Evolution, and Systematics},
  pages={557--581},
  year={2004},
  publisher={JSTOR}
}


%Smit - Beach imagery
@article{beach_predicting,
  title={The role of video imagery in predicting daily to monthly coastal evolution},
  author={Smit, MWJ and Aarninkhof, SGJ and Wijnberg, KM and Gonz{\'a}lez, M and Kingston, KS and Southgate, HN and Ruessink, BG and Holman, RA and Siegle, E and Davidson, M and others},
  journal={Coastal engineering},
  volume={54},
  number={6},
  pages={539--553},
  year={2007},
  publisher={Elsevier}
}

%Smith - beach imagery 2
@article{beach_imagery,
  title={Monitoring beach face volume with a combination of intermittent profiling and video imagery},
  author={Smith, RK and Bryan, KR},
  journal={Journal of Coastal Research},
  pages={892--898},
  year={2007}
}


Plant - Beach attractor
@article{beach_attractor,
  title={A dynamical attractor governs beach response to storms},
  author={Plant, Nathaniel G and Todd Holland, K and Holman, Rob A},
  journal={Geophysical Research Letters},
  volume={33},
  number={17},
  year={2006},
  publisher={Wiley Online Library}
}

%Yates - Equilibrium beach position
@article{equilibrium_beach,
  title={Equilibrium shoreline response of a high wave energy beach},
  author={Yates, ML and Guza, RT and O'Reilly, WC and Hansen, JE and Barnard, PL},
  journal={Journal of Geophysical Research: Oceans (1978--2012)},
  volume={116},
  number={C4},
  year={2011},
  publisher={Wiley Online Library}
}



%Abarbanel - Analysis of chaotic data
@book{chaotic_analysis,
  title={Analysis of observed chaotic data},
  author={Abarbanel, Henry},
  year={2012},
  publisher={Springer Science \& Business Media}
}

%Sauer - Embedology
@article{Embedology,
  title={Embedology},
  author={Sauer, Tim and Yorke, James A and Casdagli, Martin},
  journal={Journal of statistical Physics},
  volume={65},
  number={3-4},
  pages={579--616},
  year={1991},
  publisher={Springer}
}






%========================================
%KANTZ- Non-Linear Analysis Book
@book{nonlinear_book,
  title={Nonlinear time series analysis},
  author={Kantz, Holger and Schreiber, Thomas},
  volume={7},
  year={2004},
  publisher={Cambridge university press}
}

%MAY- Logistic Equation Paper
@article{logistic_equation,
  title={Simple mathematical models with very complicated dynamics},
  author={May, Robert M and others},
  journal={Nature},
  volume={261},
  number={5560},
  pages={459--467},
  year={1976},
  publisher={London}
}

%PARLITZ- Rubin idea with lagged values
@article{rubin_lagged_vals,
  title={Prediction of spatiotemporal time series based on reconstructed local states},
  author={Parlitz, Ulrich and Merkwirth, Christian},
  journal={Physical review letters},
  volume={84},
  number={9},
  pages={1890},
  year={2000},
  publisher={APS}
}

%SUGIHARA- Measurement error vs chaos
@misc{measurement_error_vs_chaos,
  title={Nonlinear forecasting as a way of distinguishing chaos from measurement error in time series},
  author={Sugihara, George and Mayf, R},
  year={1990}
}

%SUGIHARA- Classification of natural time series
@article{natural_series_classification,
  title={Nonlinear forecasting for the classification of natural time series},
  author={Sugihara, George},
  journal={Philosophical Transactions of the Royal Society of London A: Mathematical, Physical and Engineering Sciences},
  volume={348},
  number={1688},
  pages={477--495},
  year={1994},
  publisher={The Royal Society}
}

%SANDIN - Coral across a human gradient
@article{line_islands_gradient,
  title={Natural history of coral- algae competition across a gradient of human activity in the Line Islands},
  author={Barott, Katie L and Williams, Gareth J and Vermeij, Mark JA and Harris, Jill and Smith, Jennifer E and Rohwer, Forest L and Sandin, Stuart A},
  journal={Institute for Biodiversity and Ecosystem Dynamics (IBED)},
  year={2012}
}


%RUBIN- Original Rubin paper about distinguishing systems
@article{original_rubin,
  title={Use of forecasting signatures to help distinguish periodicity, randomness, and chaos in ripples and other spatial patterns},
  author={Rubin, David M},
  journal={Chaos: An Interdisciplinary Journal of Nonlinear Science},
  volume={2},
  number={4},
  pages={525--535},
  year={1992},
  publisher={AIP Publishing}
}

%FRASER- Mutual Information for reconstructing attractors
@article{mutual_info,
  title={Independent coordinates for strange attractors from mutual information},
  author={Fraser, Andrew M and Swinney, Harry L},
  journal={Physical review A},
  volume={33},
  number={2},
  pages={1134},
  year={1986},
  publisher={APS}
}

%LORENZ - general lorenz equation
@article{lorenz_equations,
  title={Deterministic nonperiodic flow},
  author={Lorenz, Edward N},
  journal={Journal of the atmospheric sciences},
  volume={20},
  number={2},
  pages={130--141},
  year={1963}
}

%TAKENS - takens theorem
@book{takens_theorem,
  title={Detecting strange attractors in turbulence},
  author={Takens, Floris},
  year={1981},
  publisher={Springer}
}

%GRIMES - chaos paper
@article{chaos_paper,
  title={Nonlinear forecasting of intertidal shoreface evolution},
  author={Grimes, DJ and Cortale, N and Baker, K and McNamara, DE},
  journal={Chaos: An Interdisciplinary Journal of Nonlinear Science},
  volume={25},
  number={10},
  pages={103116},
  year={2015},
  publisher={AIP Publishing}
}

%KENNEL - embedding dimension
@article{embedding_dimension,
  title={Determining embedding dimension for phase-space reconstruction using a geometrical construction},
  author={Kennel, Matthew B and Brown, Reggie and Abarbanel, Henry DI},
  journal={Physical review A},
  volume={45},
  number={6},
  pages={3403},
  year={1992},
  publisher={APS}
}

%Van Der Walt - Numpy
@article{numpy,
  title={The NumPy array: a structure for efficient numerical computation},
  author={Van Der Walt, Stefan and Colbert, S Chris and Varoquaux, Gael},
  journal={Computing in Science \& Engineering},
  volume={13},
  number={2},
  pages={22--30},
  year={2011},
  publisher={AIP Publishing}
}

%Hunter - Maplotlib
@article{matplotlib,
  title={Matplotlib: A 2D graphics environment},
  author={Hunter, John D},
  journal={Computing in science and engineering},
  volume={9},
  number={3},
  pages={90--95},
  year={2007}
}

%Scikit
@article{scikit,
  title={Scikit-learn: Machine learning in Python},
  author={Pedregosa, Fabian and Varoquaux, Ga{\"e}l and Gramfort, Alexandre and Michel, Vincent and Thirion, Bertrand and Grisel, Olivier and Blondel, Mathieu and Prettenhofer, Peter and Weiss, Ron and Dubourg, Vincent and others},
  journal={The Journal of Machine Learning Research},
  volume={12},
  pages={2825--2830},
  year={2011},
  publisher={JMLR. org}
}

%seaborn
@misc{seaborn,
  title={Seaborn: v0. 5.0 (November 2014)},
  author={Waskom, Michael and Botvinnik, Olga and Hobson, Paul and Cole, John B and Halchenko, Yaroslav and Hoyer, Stephan and Miles, Alistair and others},
  year={2014},
  publisher={Zenodo}
}

%ipython
@article{ipython,
  title={IPython: a system for interactive scientific computing},
  author={P{\'e}rez, Fernando and Granger, Brian E},
  journal={Computing in Science \& Engineering},
  volume={9},
  number={3},
  pages={21--29},
  year={2007},
  publisher={AIP Publishing}
}

%nearest neighbor
@article{nearest_neighbor,
  title={Nearest neighbor pattern classification},
  author={Cover, Thomas M and Hart, Peter E},
  journal={Information Theory, IEEE Transactions on},
  volume={13},
  number={1},
  pages={21--27},
  year={1967},
  publisher={IEEE}
}






